<record><leader>00000cas a22000007a 4500</leader><controlfield tag="001">14578690</controlfield><controlfield tag="008">861030d18701871wiuwr ne      0    0eng d</controlfield><datafield ind1=" " ind2=" " tag="010"><subfield code="a">sn 86086748 </subfield></datafield><datafield ind1=" " ind2=" " tag="040"><subfield code="a">NPV</subfield><subfield code="b">eng</subfield><subfield code="c">NPV</subfield><subfield code="d">CNK</subfield><subfield code="d">OCLCQ</subfield></datafield><datafield ind1=" " ind2=" " tag="042"><subfield code="a">msc</subfield></datafield><datafield ind1="0" ind2="0" tag="245"><subfield code="a">Winnebago County press.</subfield></datafield><datafield ind1="1" ind2="3" tag="246"><subfield code="a">Winnebago press</subfield></datafield><datafield ind1=" " ind2=" " tag="260"><subfield code="a">Neenah &amp; Menasha, Wis. :</subfield><subfield code="b">Ritch &amp; Tapley,</subfield><subfield code="c">1870-1871.</subfield></datafield><datafield ind1=" " ind2=" " tag="300"><subfield code="a">v.</subfield></datafield><datafield ind1=" " ind2=" " tag="310"><subfield code="a">Weekly</subfield></datafield><datafield ind1="0" ind2=" " tag="362"><subfield code="a">Vol. 7, no. 15 (Jan. 22, 1870)-v. 9, no. 10 (Dec. 30, 1871).</subfield></datafield><datafield ind1=" " ind2=" " tag="752"><subfield code="a">United States</subfield><subfield code="b">Wisconsin</subfield><subfield code="c">Winnebago</subfield><subfield code="d">Neenah.</subfield></datafield><datafield ind1=" " ind2=" " tag="752"><subfield code="a">United States</subfield><subfield code="b">Wisconsin</subfield><subfield code="c">Winnebago</subfield><subfield code="d">Menasha.</subfield></datafield><datafield ind1="0" ind2="0" tag="780"><subfield code="t">Island city times</subfield><subfield code="w">(DLC)sn 85033193</subfield><subfield code="w">(OCoLC)11738122</subfield></datafield><datafield ind1="0" ind2="0" tag="785"><subfield code="t">Menasha press (Menasha, Wis. : 1872)</subfield><subfield code="w">(DLC)sn 85033156</subfield><subfield code="w">(OCoLC)11707690</subfield></datafield></record>